
@article{Ales2021Innovation,
	author = {Ales, Laurence and Cho, Soo-Haeng and K{\"o}rpeo{\u{g}}lu, Ersin},
	journal = {Production and Operations Management},
	number = {6},
	pages = {1772--1784},
	publisher = {Wiley Online Library},
	title = {Innovation tournaments with multiple contributors},
	volume = {30},
	year = {2021}
}

@article{Arutyunov2019Application,
	author = {Arutyunov, AV and Zhukovskiy, SE},
	journal = {Differential Equations},
	number = {4},
	pages = {437--448},
	publisher = {Springer},
	title = {Application of methods of ordinary differential equations to global inverse function theorems},
	volume = {55},
	year = {2019}
}

@article{barrau2017invariant,
	title = {The Invariant Extended Kalman Filter as a Stable Observer},
	volume = {62},
	copyright = {https://ieeexplore.ieee.org/Xplorehelp/downloads/license-information/IEEE.html},
	issn = {0018-9286, 1558-2523},
	url = {http://ieeexplore.ieee.org/document/7523335/},
	doi = {10.1109/TAC.2016.2594085},
	number = {4},
	urldate = {2025-04-26},
	journal = {IEEE Transactions on Automatic Control},
	author = {Barrau, Axel and Bonnabel, Silvere},
	month = {apr},
	year = {2017},
	pages = {1797--1812},
}

@article{Bayraktar2019Tournament,
	title = {Large tournament games},
	author = {Bayraktar, Erhan and Cvitani{\'c}, Jak{\v{s}}a and Zhang, Yuchong and others},
	doi = {10.1214/19-aap1490},
	journal = {The Annals of Applied Probability},
	number = {6},
	pages = {3695--3744},
	publisher = {Institute of Mathematical Statistics},
	volume = {29},
	year = {2019},
	bdsk-url-1 = {https://doi.org/10.1214/19-aap1490}
}

@article{Bensoussan2009Consumption,
	title = {Optimal consumption and portfolio decisions with partially observed real prices},
	author = {Bensoussan, Alain and Keppo, Jussi and Sethi, Suresh P},
	date-modified = {2022-03-30 10:34:49 +0800},
	doi = {10.1111/j.1467-9965.2009.00362.x},
	journal = {Mathematical Finance: An International Journal of Mathematics, Statistics and Financial Economics},
	number = {2},
	pages = {215-236},
	volume = {19},
	year = {2009},
	bdsk-url-1 = {https://doi.org/10.1111/j.1467-9965.2009.00362.x}
}

@book{Bauschke2017Hilbert,
	author = {Bauschke, Heinz H and Combettes, Patrick L and others},
	doi = {10.1007/978-3-319-48311-5},
	edition = {2},
	isbn = {978-3-319-48310-8},
	issn = {1613-5237},
	publisher = {Springer},
	title = {Convex analysis and monotone operator theory in Hilbert spaces},
	year = {2017},
	bdsk-url-1 = {https://doi.org/10.1007/978-3-319-48311-5}
}

@book{Bensoussan1992Control,
	title = {Stochastic Control of Partially Observed Systems},
	author = {Bensoussan, Alain},
	date-modified = {2022-03-30 10:43:46 +0800},
	doi = {10.1017/CBO9780511526503},
	edition = {1},
	isbn = {9780511526503},
	keywords = {control},
	publisher = {Cambridge University Press},
	year = {1992},
	bdsk-url-1 = {https://doi.org/10.1017/CBO9780511526503}
}

@misc{betancourt2017conceptual,
	title = {A Conceptual Introduction to Hamiltonian Monte Carlo},
	copyright = {arXiv.org perpetual, non-exclusive license},
	doi = {10.48550/ARXIV.1701.02434},
	language = {en-US},
	publisher = {arXiv},
	author = {Betancourt, Michael},
	year = {2017},
	note = {Version Number: 2},
}

@article{Bimpikis2019Contest,
	author = {Bimpikis, Kostas and Ehsani, Shayan and Mostagir, Mohamed},
	date-modified = {2022-03-30 10:44:55 +0800},
	doi = {10.1287/opre.2018.1823},
	journal = {Operations Research},
	keywords = {contest},
	number = {2},
	pages = {339--356},
	publisher = {INFORMS},
	title = {Designing dynamic contests},
	volume = {67},
	year = {2019},
	bdsk-url-1 = {https://doi.org/10.1287/opre.2018.1823}
}

@article{blot1991global,
	author = {Blot, Jo{\=e}el},
	journal = {Nonlinear Analysis: Theory, Methods \& Applications},
	number = {10},
	pages = {947--959},
	publisher = {Elsevier},
	title = {On global implicit functions},
	volume = {17},
	year = {1991}
}

@article{budd1993model,
	title={A model of the evolution of duopoly: Does the asymmetry between firms tend to increase or decrease?},
	author={Budd, Christopher and Harris, Christopher and Vickers, John},
	journal={The Review of Economic Studies},
	volume={60},
	number={3},
	pages={543--573},
	year={1993},
	publisher={Wiley-Blackwell},
	doi={10.2307/2298124}
}

@article{candogan2020optimal,
	title={Optimal signaling of content accuracy: Engagement vs. misinformation},
	author={Candogan, Ozan and Drakopoulos, Kimon},
	journal={Operations Research},
	volume={68},
	number={2},
	pages={497--515},
	year={2020},
	publisher={INFORMS}
}

@article{Dai2019OpaqueBank,
	author = {Dai, Min and Huang, Shan and Keppo, Jussi},
	doi = {10.1016/j.jedc.2019.01.005},
	file = {:papers/Keppo_at_al-2019-Bank-JEDC.pdf:PDF},
	journal = {Journal of Economic Dynamics and Control},
	pages = {369--394},
	publisher = {Elsevier},
	title = {Opaque bank assets and optimal equity capital},
	volume = {100},
	year = {2019},
	bdsk-url-1 = {https://doi.org/10.1016/j.jedc.2019.01.005}
}

@article{frogerais2012various,
	title = {Various Ways to Compute the Continuous-Discrete Extended Kalman Filter},
	volume = {57},
	issn = {0018-9286, 1558-2523},
	url = {http://ieeexplore.ieee.org/document/6018993/},
	doi = {10.1109/TAC.2011.2168129},
	number = {4},
	urldate = {2025-04-26},
	journal = {IEEE Transactions on Automatic Control},
	author = {Frogerais, P. and Bellanger, Jean-Jacques and Senhadji, L.},
	month = apr,
	year = {2012},
	pages = {1000--1004},
}

@article{ghosal2000convergence,
	title = {Convergence rates of posterior distributions},
	volume = {28},
	issn = {0090-5364},
	doi = {10.1214/aos/1016218228},
	number = {2},
	urldate = {2025-05-11},
	journal = {The Annals of Statistics},
	author = {Ghosal, Subhashis and Ghosh, Jayanta K. and Van Der Vaart, Aad W.},
	month = {apr},
	year = {2000},
}

@article{hafner2017tug,
	title={A tug-of-war team contest},
	author={H{\"a}fner, Samuel},
	journal={Games and Economic Behavior},
	volume={104},
	pages={372--391},
	year={2017},
	publisher={Elsevier}
}

@article{Harris1987Race,
	author = {Harris, Christopher and Vickers, John},
	date-modified = {2022-03-30 10:45:36 +0800},
	issn = {00346527, 1467937X},
	journal = {The Review of Economic Studies},
	keywords = {contest},
	number = {1},
	pages = {1--21},
	publisher = {[Oxford University Press, Review of Economic Studies, Ltd.]},
	title = {Racing with Uncertainty},
	url = {http://www.jstor.org/stable/2297442},
	volume = {54},
	year = {1987},
	bdsk-url-1 = {http://www.jstor.org/stable/2297442}
}

@article{hoffman2014NUTS,
	author = {Matthew D. Hoffman and Andrew Gelman},
	title = {The No-U-Turn Sampler: Adaptively Setting Path Lengths in Hamiltonian Monte Carlo},
	journal = {Journal of Machine Learning Research},
	year = {2014},
	volume = {15},
	number = {47},
	pages = {1593--1623},
	url = {http://jmlr.org/papers/v15/hoffman14a.html}
}

@article{huang_all_2013,
	author = {Huang, Szu-chi and Zhang, Ying},
	doi = {10.1037/a0031039},
	issn = {1939-1315, 0022-3514},
	journal = {Journal of Personality and Social Psychology},
	language = {en},
	number = {2},
	pages = {236--248},
	shorttitle = {All roads lead to {Rome}},
	title = {All roads lead to {Rome}: {The} impact of multiple attainment means on motivation.},
	url = {http://doi.apa.org/getdoi.cfm?doi=10.1037/a0031039},
	urldate = {2022-05-25},
	volume = {104},
	year = {2013},
	bdsk-url-1 = {http://doi.apa.org/getdoi.cfm?doi=10.1037/a0031039},
	bdsk-url-2 = {https://doi.org/10.1037/a0031039}
}

@article{ichiraku_note_1985,
	author = {Ichiraku, S.},
	doi = {10.1109/TCS.1985.1085729},
	issn = {0098-4094},
	journal = {IEEE Transactions on Circuits and Systems},
	month = may,
	number = {5},
	pages = {503--505},
	title = {A note on global implicit function theorems},
	url = {http://ieeexplore.ieee.org/document/1085729/},
	urldate = {2022-05-19},
	volume = {32},
	year = {1985},
	bdsk-url-1 = {http://ieeexplore.ieee.org/document/1085729/},
	bdsk-url-2 = {https://doi.org/10.1109/TCS.1985.1085729}
}

@article{Jia2020Herd,
	author = {Jia, Yanwei and Keppo, Jussi and Satop{\"a}{\"a}, Ville},
	doi = {10.2139/ssrn.3674961},
	journal = {Available at SSRN},
	title = {Herding in Probabilistic Forecasts},
	year = {2020},
	bdsk-url-1 = {https://doi.org/10.2139/ssrn.3674961}
}

@article{Keppo2008Electoral,
	author = {Keppo, Jussi and Smith, Lones and Davydov, Dmitry},
	doi = {10.1111/j.1467-937x.2008.00493.x},
	journal = {The Review of Economic Studies},
	number = {2},
	pages = {597--628},
	publisher = {Wiley-Blackwell},
	title = {Optimal electoral timing: Exercise wisely and you may live longer},
	volume = {75},
	year = {2008},
	bdsk-url-1 = {https://doi.org/10.1111/j.1467-937x.2008.00493.x}
}

@article{keppo2021bayesian,
	title={Bayesian Herd Detection for Dynamic Data},
	author={Keppo, Jussi and Satop{\"a}{\"a}, Ville},
	journal={Available at SSRN 3542129},
	year={2021}
}

@article{keppo2022learning,
	title={Learning manipulation through information dissemination},
	author={Keppo, Jussi and Kim, Michael Jong and Zhang, Xinyuan},
	journal={Operations Research},
	year={2022},
	publisher={INFORMS}
}

@article{Keppo2020Herd,
	author = {Keppo, Jussi and Satop{\"a}{\"a}, Ville},
	doi = {10.2139/ssrn.3542129},
	journal = {Available at SSRN},
	title = {Shepherding the Herd},
	year = {2020},
	bdsk-url-1 = {https://doi.org/10.2139/ssrn.3542129}
}

@article{Keppo2021Contract,
	author = {Jussi Keppo and Nizar Touzi and Zuo Ruiting},
	doi = {10.2139/ssrn.3761499},
	journal = {{SSRN} Electronic Journal},
	publisher = {Elsevier {BV}},
	title = {Dynamic Contracting in Asset Management under Investor-Partner-Manager Relationship},
	year = {2021},
	bdsk-url-1 = {https://doi.org/10.2139/ssrn.3761499}
}

@article{Keppo2018SmartCity,
	author = {Jussi Keppo and Hong Ming Tan and Chao Zhou},
	journal = {{SSRN} Electronic Journal},
	publisher = {Elsevier {BV}},
	title = {Smart City Investments under Dynamic Information Acquisition},
	year = {2020}
}

@book{Kallianpur1980Filtering,
	author = {Kallianpur, Gopinath},
	doi = {10.1007/978-1-4757-6592-2},
	publisher = {Springer-Verlag},
	title = {Stochastic filtering theory},
	year = {1980},
	bdsk-url-1 = {https://doi.org/10.1007/978-1-4757-6592-2}
}

@article{konrad2005equilibrium,
	title={Equilibrium and efficiency in the tug-of-war},
	author={Konrad, Kai A and Kovenock, Dan},
	year={2005},
	publisher={CESifo Working Paper Series}
}

@article{lewis1979simulation,
	title = {Simulation of nonhomogeneous poisson processes by thinning},
	volume = {26},
	copyright = {http://onlinelibrary.wiley.com/termsAndConditions\#vor},
	issn = {0028-1441, 1931-9193},
	url = {https://onlinelibrary.wiley.com/doi/10.1002/nav.3800260304},
	doi = {10.1002/nav.3800260304},
	language = {en},
	number = {3},
	urldate = {2025-04-23},
	journal = {Naval Research Logistics Quarterly},
	author = {Lewis, P. A. W and Shedler, G. S.},
	month = {sep},
	year = {1979},
	pages = {403--413},
}

@article{Liebermans2022SunkCost,
	author = {Marvin Lieberman},
	date-added = {2022-05-10 23:08:30 +0800},
	date-modified = {2022-05-10 23:09:18 +0800},
	doi = {10.1287/stsc.2022.0159},
	journal = {Strategy Science},
	keywords = {game},
	rating = {3},
	title = {Sunk Costs and Concentration in Homogeneous Product Industries},
	year = {2022},
	bdsk-url-1 = {https://doi.org/10.1287/stsc.2022.0159}
}

@incollection{mastroianni1994error,
	author = {Mastroianni, G and Monegato, G},
	booktitle = {Approximation and Computation: A Festschrift in Honor of Walter Gautschi},
	pages = {421--434},
	publisher = {Springer},
	title = {Error estimates for Gauss-Laguerre and Gauss-Hermite quadrature formulas},
	year = {1994}
}

@misc{megan_risdal_timo_bozsolik_2022,
	title={Meta Kaggle},
	url={https://www.kaggle.com/ds/9},
	doi={10.34740/KAGGLE/DS/9},
	publisher={Kaggle},
	author={Megan Risdal and Timo Bozsolik},
	year={2022}
}

@unpublished{Moscarini2011Contest,
	author = {Giuseppe Moscarini and Lones Smith},
	title = {Optimal Dynamic Contests},
	year = {2011},
	url = {https://campuspress.yale.edu/moscarini/files/2017/01/contests_current-x5l31k.pdf},
	note = {Working paper},
}

@book{neal1996bayesian,
	address = {New York, NY},
	series = {Lecture Notes in Statistics},
	title = {Bayesian Learning for Neural Networks},
	copyright = {http://www.springer.com/tdm},
	isbn = {978-0-387-94724-2 978-1-4612-0745-0},
	url = {http://link.springer.com/10.1007/978-1-4612-0745-0},
	publisher = {Springer New York},
	author = {Neal, Radford M.},
	year = {1996},
	doi = {10.1007/978-1-4612-0745-0},
	note = {ISSN: 0930-0325},
}

@incollection{neal2011mcmc,
	author = {Radford M. Neal},
	title = {MCMC Using Hamiltonian Dynamics},
	booktitle = {Handbook of Markov Chain Monte Carlo},
	editor = {Steve Brooks and Andrew Gelman and Galin Jones and Xiao-Li Meng},
	publisher = {Chapman \& Hall / CRC Press},
	year = {2011},
	pages = {113--162},
	doi = {10.1201/b10905},
	note = {Chapter 5},
}

@book{Oeksendal1998SDE,
	author = {Bernt {\O}ksendal},
	date-modified = {2022-03-30 10:46:30 +0800},
	doi = {10.1007/978-3-662-03620-4},
	edition = {5},
	issn = {0172-5939},
	keywords = {control, SDE},
	publisher = {Springer-Verlag Berlin Heidelberg},
	title = {Stochastic Differential Equations: An Introduction with Applications},
	year = {1998},
	bdsk-url-1 = {https://doi.org/10.1007/978-3-662-03620-4}
}

@article{papanastasiou2020fake,
	title={Fake news propagation and detection: A sequential model},
	author={Papanastasiou, Yiangos},
	journal={Management Science},
	volume={66},
	number={5},
	pages={1826--1846},
	year={2020},
	publisher={INFORMS}
}

@book{Polyanin2004PDE,
	author = {Polyanin, Andrei D and Zaitsev, Valentin F},
	doi = {10.1201/b11412},
	publisher = {CRC press},
	title = {Handbook of nonlinear partial differential equations},
	year = {2004},
	bdsk-url-1 = {https://doi.org/10.1201/b11412}
}

@article{pokern2013posterior,
	title = {Posterior consistency via precision operators for {Bayesian} nonparametric drift estimation in {SDEs}},
	volume = {123},
	copyright = {https://www.elsevier.com/tdm/userlicense/1.0/},
	issn = {03044149},
	url = {https://linkinghub.elsevier.com/retrieve/pii/S0304414912001779},
	doi = {10.1016/j.spa.2012.08.010},
	language = {en},
	number = {2},
	journal = {Stochastic Processes and their Applications},
	author = {Pokern, Y. and Stuart, A.M. and Van Zanten, J.H.},
	month = {feb},
	year = {2013},
	pages = {603--628},
}

@article{ramamoorthi2015posterior,
	title = {On Posterior Concentration in Misspecified Models},
	volume = {10},
	issn = {1936-0975},
	doi = {10.1214/15-BA941},
	number = {4},
	urldate = {2025-05-11},
	journal = {Bayesian Analysis},
	author = {Ramamoorthi, R. V. and Sriram, Karthik and Martin, Ryan},
	month = {dec},
	year = {2015},
}

@article{ryvkin2022fight,
	title = {To Fight or to Give Up? Dynamic Contests with a Deadline},
	volume = {68},
	issn = {0025-1909, 1526-5501},
	shorttitle = {To {Fight} or to {Give} {Up}?},
	url = {https://pubsonline.informs.org/doi/10.1287/mnsc.2021.4206},
	doi = {10.1287/mnsc.2021.4206},
	language = {en},
	number = {11},
	urldate = {2025-04-18},
	journal = {Management Science},
	author = {Ryvkin, Dmitry},
	month = nov,
	year = {2022},
	pages = {8144--8165},
}

@article{sandberg_global_1981,
	author = {Sandberg, I.},
	doi = {10.1109/TCS.1981.1084960},
	issn = {0098-4094},
	journal = {IEEE Transactions on Circuits and Systems},
	language = {en},
	month = feb,
	number = {2},
	pages = {145--149},
	title = {Global implicit function theorems},
	url = {http://ieeexplore.ieee.org/document/1084960/},
	urldate = {2022-05-19},
	volume = {28},
	year = {1981},
	bdsk-url-1 = {http://ieeexplore.ieee.org/document/1084960/},
	bdsk-url-2 = {https://doi.org/10.1109/TCS.1981.1084960}
}

@article{Strulovici2015Smoothness,
	author = {Strulovici, Bruno and Szydlowski, Martin},
	date-modified = {2022-03-30 13:18:40 +0800},
	doi = {10.1016/j.jet.2015.03.015},
	file = {:papers/Strulovici-2015-JET.pdf:PDF},
	journal = {Journal of Economic Theory},
	keywords = {control},
	pages = {1016--1055},
	publisher = {Elsevier},
	title = {On the smoothness of value functions and the existence of optimal strategies in diffusion models},
	volume = {159},
	year = {2015},
	bdsk-url-1 = {https://doi.org/10.1016/j.jet.2015.03.015}
}

@article{trefethen2022exactness,
	author = {Trefethen, Lloyd N},
	journal = {SIAM Review},
	number = {1},
	pages = {132--150},
	publisher = {SIAM},
	title = {Exactness of quadrature formulas},
	volume = {64},
	year = {2022}
}

@book{vaart1998asymptotic,
	edition = {1},
	title = {Asymptotic Statistics},
	copyright = {https://www.cambridge.org/core/terms},
	isbn = {978-0-511-80225-6 978-0-521-49603-2 978-0-521-78450-4},
	publisher = {Cambridge University Press},
	author = {Vaart, A. W. Van Der},
	month = {oct},
	year = {1998},
	doi = {10.1017/CBO9780511802256},
}

@article{zhang_global_2006,
	author = {Zhang, Weinian and Ge, Shuzhi Sam},
	doi = {10.1016/j.jmaa.2005.08.072},
	issn = {0022247X},
	journal = {Journal of Mathematical Analysis and Applications},
	language = {en},
	month = jan,
	number = {1},
	pages = {251--261},
	title = {A global {Implicit} {Function} {Theorem} without initial point and its applications to control of non-affine systems of high dimensions},
	url = {https://linkinghub.elsevier.com/retrieve/pii/S0022247X05008577},
	volume = {313},
	year = {2006},
	bdsk-url-1 = {https://linkinghub.elsevier.com/retrieve/pii/S0022247X05008577},
	bdsk-url-2 = {https://doi.org/10.1016/j.jmaa.2005.08.072}}
